<collection xmlns="http://www.loc.gov/MARC21/slim">
<record>
  <leader>00828nam0a22002051i 450 </leader>
  <controlfield tag="001">IT\ICCU\CNCE\078672</controlfield>
  <controlfield tag="005">20140801000000.0</controlfield>
  <datafield tag="012" ind1=" " ind2=" ">
    <subfield code="a">nom- o.o; i.oi InCh (3) 1556 (R)</subfield>
    <subfield code="2">fei</subfield>
  </datafield>
  <datafield tag="100" ind1=" " ind2=" ">
    <subfield code="a">20140801d1556        0itac0103    ba</subfield>
  </datafield>
  <datafield tag="101" ind1=" " ind2=" ">
    <subfield code="a">ITA</subfield>
  </datafield>
  <datafield tag="102" ind1=" " ind2=" ">
    <subfield code="a">BE</subfield>
  </datafield>
  <datafield tag="200" ind1="1" ind2=" ">
    <subfield code="a">℗Le ℗stanze di m. Stephano Ambrosio Schiappalaria per la signora Pellina D&apos;Oria Lomellina. Nouamente date alla stampa. Al molto magnifico, et honorato signor Iacopo Di Negro</subfield>
  </datafield>
  <datafield tag="210" ind1=" " ind2=" ">
    <subfield code="a">In Anuersa</subfield>
    <subfield code="c">per Giouanni Latio</subfield>
    <subfield code="d">1556</subfield>
  </datafield>
  <datafield tag="215" ind1=" " ind2=" ">
    <subfield code="a">64 p.</subfield>
    <subfield code="d">4ʻ</subfield>
  </datafield>
  <datafield tag="620" ind1=" " ind2=" ">
    <subfield code="a">BE</subfield>
    <subfield code="d">Anversa</subfield>
  </datafield>
  <datafield tag="700" ind1=" " ind2="1">
    <subfield code="a">Schiappalaria,</subfield>
    <subfield code="b">Stefano Ambrogio</subfield>
    <subfield code="3">IT\ICCU\CNCA\007274</subfield>
  </datafield>
  <datafield tag="712" ind1="0" ind2="0">
    <subfield code="a">Laet, Hans</subfield>
    <subfield code="3">IT\ICCU\CNCT\003248</subfield>
    <subfield code="4">650</subfield>
  </datafield>
  <datafield tag="791" ind1="0" ind2="0">
    <subfield code="a">Latius, Ioannes</subfield>
    <subfield code="3">IT\ICCU\CNCT\004886</subfield>
    <subfield code="z">Laet, Hans</subfield>
  </datafield>
  <datafield tag="801" ind1=" " ind2="3">
    <subfield code="a">IT</subfield>
    <subfield code="b">ICCU</subfield>
    <subfield code="c">20201115</subfield>
  </datafield>
  <datafield tag="899" ind1=" " ind2=" ">
    <subfield code="a">Biblioteca Estense Universitaria. Modena</subfield>
    <subfield code="1">MO0089</subfield>
    <subfield code="2">MOD BE</subfield>
  </datafield>
</record>
</collection>
